@misc{progettoSpinuti,
  title = {{Progetto SPIN-UTI}, pagina del progetto},
  howpublished = {\url{https://spinuti.unict.it}},
  note = {2023-05-24}
}